@article{kang1998hands,
  title={Hands-free navigation in VR environments by tracking the head},
  author={Kang, Sing Bing},
  journal={International Journal of Human-Computer Studies},
  volume={48},
  number={2},
  pages={247--266},
  year={1998},
  publisher={Elsevier}
}
@article{steinicke2010estimation,
  title={Estimation of detection thresholds for redirected walking techniques},
  author={Steinicke, Frank and Bruder, Gerd and Jerald, Jason and Frenz, Harald and Lappe, Markus},
  journal={IEEE Transactions on Visualization and Computer Graphics},
  volume={16},
  number={1},
  pages={17--27},
  year={2010},
  publisher={IEEE}
}
@inproceedings{bouguila2002virtual,
  title={Virtual locomotion system for large-scale virtual environment},
  author={Bouguila, Laroussi and Sato, Makoto},
  booktitle={Virtual Reality, 2002. Proceedings. IEEE},
  pages={291--292},
  year={2002},
  organization={IEEE}
}

@misc{nerdist_2016, title={Infinadeck Omnidirectional Treadmill is The “Best Solution for Walking in VR”}, url={http://nerdist.com/infinadeck-omnidirectional-treadmill-is-the-best-solution-for-walking-in-vr}, journal={Nerdist}, year={2016}, month={Dec}}

@misc{wired, title={You Can’t Walk in a Straight Line—And That’s Great for VR}, url={http://www.wired.com/2015/08/cant-walk-straight-lineand-thats-great-vr}, journal={Wired}, note = {Online-article Conde Nast Wired.com}, publisher={Conde Nast}}

@article{kuhl2008recalibration,
  title={Recalibration of rotational locomotion in immersive virtual environments},
  author={Kuhl, Scott A and Creem-Regehr, Sarah H and Thompson, William B},
  journal={ACM Transactions on Applied Perception (TAP)},
  volume={5},
  number={3},
  pages={17},
  year={2008},
  publisher={ACM}
}

@article{walker2013redirected,
  title={Redirected Walking in Virtual Environments},
  author={Walker, James},
  journal={Michigan Technological University},
  year={2013}
}
@inproceedings{razzaque2001redirected,
  title={Redirected walking},
  author={Razzaque, Sharif and Kohn, Zachariah and Whitton, Mary C},
  booktitle={Proceedings of EUROGRAPHICS},
  volume={9},
  pages={105--106},
  year={2001},
  organization={Citeseer}
}

@inproceedings{steinicke2008analyses,
  title={Analyses of human sensitivity to redirected walking},
  author={Steinicke, Frank and Bruder, Gerd and Jerald, Jason and Frenz, Harald and Lappe, Markus},
  booktitle={Proceedings of the 2008 ACM symposium on Virtual reality software and technology},
  pages={149--156},
  year={2008},
  organization={ACM}
}

@inproceedings{interrante2007seven,
  title={Seven league boots: A new metaphor for augmented locomotion through moderately large scale immersive virtual environments},
  author={Interrante, Victoria and Ries, Brian and Anderson, Lee},
  booktitle={2007 IEEE Symposium on 3D User Interfaces},
  year={2007},
  organization={IEEE}
}

@article{neth2012velocity,
  title={Velocity-dependent dynamic curvature gain for redirected walking},
  author={Neth, Christian T and Souman, Jan L and Engel, David and Kloos, Uwe and Bulthoff, Heinrich H and Mohler, Betty J},
  journal={IEEE transactions on visualization and computer graphics},
  volume={18},
  number={7},
  pages={1041--1052},
  year={2012},
  publisher={IEEE}
}

@misc{corp., title={VIVE™ | Get Started with Vive}, url={http://www.vive.com/us/setup/}, journal={VIVE™ | Get Started with Vive}, author={Corp., HTC}
}

@misc{technologies, title={Unity User Manual (5.5)}, url={https://docs.unity3d.com/Manual/index.html}, journal={Unity - Manual: Unity User Manual (5.5)}, author={Technologies, Unity}}


@inproceedings{suma2011leveraging,
  title={Leveraging change blindness for redirection in virtual environments},
  author={Suma, Evan A and Clark, Seth and Krum, David and Finkelstein, Samantha and Bolas, Mark and Warte, Zachary},
  booktitle={2011 IEEE Virtual Reality Conference},
  pages={159--166},
  year={2011},
  organization={IEEE}
}

@inproceedings{suma2012taxonomy,
  title={A taxonomy for deploying redirection techniques in immersive virtual environments},
  author={Suma, Evan A and Bruder, Gerd and Steinicke, Frank and Krum, David M and Bolas, Mark},
  booktitle={2012 IEEE Virtual Reality Workshops (VRW)},
  pages={43--46},
  year={2012},
  organization={IEEE}
}

@article{field2004generalised,
  title={Generalised algorithms for redirected walking in virtual environments},
  author={Field, Tom and Vamplew, Peter},
  year={2004},
  publisher={University of Tasmania}
}

@inproceedings{steinicke2008moving,
  title={Moving towards generally applicable redirected walking},
  author={Steinicke, Frank and Bruder, Gerd and Ropinski, Timo and Hinrichs, Klaus},
  booktitle={Proceedings of the Virtual Reality International Conference (VRIC)},
  pages={15--24},
  year={2008}
}

@article{hodgson2011redirected,
  title={Redirected walking to explore virtual environments: Assessing the potential for spatial interference},
  author={Hodgson, Eric and Bachmann, Eric and Waller, David},
  journal={ACM Transactions on Applied Perception (TAP)},
  volume={8},
  number={4},
  pages={22},
  year={2011},
  publisher={ACM}
}

@article{hodgson2013comparing,
  title={Comparing four approaches to generalized redirected walking: Simulation and live user data},
  author={Hodgson, Eric and Bachmann, Eric},
  journal={IEEE transactions on visualization and computer graphics},
  volume={19},
  number={4},
  pages={634--643},
  year={2013},
  publisher={IEEE}
}

@article{steinicke2009real,
  title={Real walking through virtual environments by redirection techniques},
  author={Steinicke, Frank and Bruder, Gerd and Hinrichs, Klaus and Jerald, Jason and Frenz, Harald and Lappe, Markus and Herder, Jens and Richir, Simon and Thouvenin, Indira},
  journal={Journal of Virtual Reality and Broadcasting},
  volume={6},
  number={2},
  year={2009}
}
@inproceedings{peck2010improved,
  title={Improved redirection with distractors: A large-scale-real-walking locomotion interface and its effect on navigation in virtual environments},
  author={Peck, Tabitha C and Fuchs, Henry and Whitton, Mary C},
  booktitle={2010 IEEE Virtual Reality Conference (VR)},
  pages={35--38},
  year={2010},
  organization={IEEE}
}

@article{ruddle2009benefits,
  title={The benefits of using a walking interface to navigate virtual environments},
  author={Ruddle, Roy A and Lessels, Simon},
  journal={ACM Transactions on Computer-Human Interaction (TOCHI)},
  volume={16},
  number={1},
  pages={5},
  year={2009},
  publisher={ACM}
}


